@inproceedings{aggarwal2024geo,
  title={GEO: Generative Engine Optimization},
  author={Aggarwal, Pranjal and Murahari, Vishvak and Rajpurohit, Tanmay and Kalyan, Ashwin and Narasimhan, Karthik and Deshpande, Ameet},
  booktitle={Proceedings of the 30th ACM SIGKDD Conference on Knowledge Discovery and Data Mining},
  year={2024},
  organization={ACM},
  doi={10.1145/3637528.3671900},
  url={https://doi.org/10.1145/3637528.3671900}
}

@article{luttgenau2025beyondseo,
  title={Beyond SEO: A Transformer-Based Approach for Reinventing Web Content Optimization},
  author={L{"u}ttgenau, Florian and Colic, Imar and Ramirez, Gervasio},
  journal={arXiv preprint arXiv:2507.03169},
  year={2025},
  url={https://arxiv.org/abs/2507.03169}
}

@article{liu2023verifiability,
  title={Evaluating Verifiability in Generative Search Engines},
  author={Liu, Nelson F. and Zhang, Tianyi and Liang, Percy},
  journal={arXiv preprint arXiv:2304.09848},
  year={2023},
  url={https://arxiv.org/abs/2304.09848}
}

@article{menick2022quotes,
  title={Teaching language models to support answers with verified quotes},
  author={Menick, Jacob and Trebacz, Maja and Mikulik, Vladimir and others},
  journal={arXiv preprint arXiv:2203.11147},
  year={2022},
  url={https://arxiv.org/abs/2203.11147}
}

@article{lodolce2024gartner,
  title={Gartner predicts search engine volume will drop 25\% by 2026, due to AI chatbots and other virtual agents},
  author={LoDolce, Matt and Howley, Chris},
  journal={Gartner Research},
  year={2024},
  note={Available via Search Engine Land},
  url={https://tinyurl.com/babb9njm}
}

@inproceedings{amer2024shift,
  title={The end of the search engine era and the rise of generative AI: A paradigm shift in information retrieval},
  author={Amer, Essam and Elboghdadly, Tarek},
  booktitle={2024 IEEE International Conference on AI},
  year={2024},
  doi={10.1109/ICAI57461.2024.00066},
  url={https://ieeexplore.ieee.org/document/10783559}
}

@misc{liao2025geo,
  author       = {Tianyou Liao and Hao-Jui Tsai},
  title        = {GEO Fundamentals: Optimization Strategies for Web Content in the Age of AI Search},
  year         = 2025,
  publisher    = {Zenodo},
  doi          = {10.5281/zenodo.15961021},
  url          = {https://doi.org/10.5281/zenodo.15961021}
}
